@article{banker2014demand,
  title={Demand uncertainty and cost behavior},
  author={Banker, Rajiv D and Byzalov, Dmitri and Plehn-Dujowich, Jose M},
  journal={The Accounting Review},
  volume={89},
  number={3},
  pages={839--865},
  year={2014},
  publisher={American Accounting Association}
}